@misc{usconstitution,
  title = {The Constitution of the United States},
  author = {{U.S. Founding Fathers}},
  year = {1789},
  note = {Amendments IV, V}
}

@misc{uscustomsstatute,
  title = {19 U.S.C.  1481 - Declaration},
  author = {{U.S. Congress}},
  year = {1930},
  url = {https://www.law.cornell.edu/uscode/text/19/1481}
}

@misc{uspsimm,
  title = {USPS International Mail Manual},
  author = {{United States Postal Service}},
  year = {2023},
  url = {https://pe.usps.com/text/imm/immc2_011.htm}
}

@misc{usps2024enhanced,
  title = {Enhanced Customs Enforcement for Military Mail},
  author = {{United States Postal Service}},
  year = {2024},
  note = {Internal policy memorandum}
}

@misc{dod2025dpo,
  title = {Department of Defense Directive 4525.6: Mail Management},
  author = {{U.S. Department of Defense}},
  year = {2025},
  note = {Updated restrictions for DPO mail}
}

@misc{cbp2023guide,
  title = {CBP Guide for Military Mail Processing},
  author = {{U.S. Customs and Border Protection}},
  year = {2023},
  url = {https://www.cbp.gov/document/guides/cbp-guide-military-mail-processing}
}

@misc{usps2023imm,
  title = {USPS International Mail Manual, Section 604: Customs Standards for Military Mail},
  author = {{United States Postal Service}},
  year = {2023},
  url = {https://pe.usps.com/text/imm/immc6_014.htm}
}

@case{ramsey1977,
  title = {United States v. Ramsey, 431 U.S. 606 (1977)},
  year = {1977},
  court = {Supreme Court of the United States}
}

@case{reid1957,
  title = {Reid v. Covert, 354 U.S. 1 (1957)},
  year = {1957},
  court = {Supreme Court of the United States}
}

@case{katz1967,
  title = {Katz v. United States, 389 U.S. 347 (1967)},
  year = {1967},
  court = {Supreme Court of the United States}
}

@case{bolling1954,
  title = {Bolling v. Sharpe, 347 U.S. 497 (1954)},
  year = {1954},
  court = {Supreme Court of the United States}
}

@case{weinberger1975,
  title = {Weinberger v. Wiesenfeld, 420 U.S. 636 (1975)},
  year = {1975},
  court = {Supreme Court of the United States}
}

@case{missouri1920,
  title = {Missouri v. Holland, 252 U.S. 416 (1920)},
  year = {1920},
  court = {Supreme Court of the United States}
}
